<record><leader>00000cas a2200000 a 4500</leader><controlfield tag="001">758983622</controlfield><controlfield tag="006">m     o  d        </controlfield><controlfield tag="007">cr |||||||||||</controlfield><controlfield tag="008">111028d18411842nyudn n o     0    0eng c</controlfield><datafield ind1=" " ind2=" " tag="010"><subfield code="a">  2011263301</subfield></datafield><datafield ind1=" " ind2=" " tag="040"><subfield code="a">TXA</subfield><subfield code="b">eng</subfield><subfield code="c">TXA</subfield><subfield code="d">TXA</subfield><subfield code="d">OCLCQ</subfield><subfield code="d">OCLCO</subfield><subfield code="d">OCLCF</subfield><subfield code="d">OCLCO</subfield><subfield code="d">OCLCQ</subfield></datafield><datafield ind1=" " ind2=" " tag="037"><subfield code="b">ProQuest, 789 E. Eisenhower Parkway, P.O. Box 1346, Ann Arbor, MI 48106-1346</subfield></datafield><datafield ind1=" " ind2=" " tag="042"><subfield code="a">pcc</subfield></datafield><datafield ind1=" " ind2=" " tag="043"><subfield code="a">n-us-ny</subfield></datafield><datafield ind1="1" ind2="4" tag="050"><subfield code="a">AN256</subfield><subfield code="b">.N488</subfield></datafield><datafield ind1="0" ind2=" " tag="130"><subfield code="a">New-York tribune (New York, N.Y. : 1841)</subfield></datafield><datafield ind1="1" ind2="0" tag="245"><subfield code="a">New-York tribune.</subfield></datafield><datafield ind1=" " ind2=" " tag="260"><subfield code="a">New-York [N.Y.] :</subfield><subfield code="b">Horace Greeley,</subfield><subfield code="c">1841-1842.</subfield></datafield><datafield ind1=" " ind2=" " tag="310"><subfield code="a">Daily (except Sunday)</subfield></datafield><datafield ind1=" " ind2=" " tag="336"><subfield code="a">text</subfield><subfield code="b">txt</subfield><subfield code="2">rdacontent</subfield></datafield><datafield ind1=" " ind2=" " tag="337"><subfield code="a">computer</subfield><subfield code="b">c</subfield><subfield code="2">rdamedia</subfield></datafield><datafield ind1=" " ind2=" " tag="338"><subfield code="a">online resource</subfield><subfield code="b">cr</subfield><subfield code="2">rdacarrier</subfield></datafield><datafield ind1="1" ind2=" " tag="362"><subfield code="a">Began with: Vol. 1, no. 1 (Apr. 10, 1841); ceased with: Vol. 2, no. 10 (Apr. 21, 1842).</subfield></datafield><datafield ind1=" " ind2=" " tag="515"><subfield code="a">Issues for Apr. 12-21, 1842 called also whole no. 314-322.</subfield></datafield><datafield ind1=" " ind2=" " tag="580"><subfield code="a">Campaign ed.: Log cabin (New York, N.Y.), 1841.</subfield></datafield><datafield ind1=" " ind2=" " tag="588"><subfield code="a">Description based on: Vol. 1, no. 1 (Apr. 10, 1841); title from PDF masthead (ProQuest, viewed Oct. 26, 2011).</subfield></datafield><datafield ind1=" " ind2=" " tag="588"><subfield code="a">Latest issue consulted: Vol. 2, no. 10 (Apr. 21, 1842) (ProQuest, viewed Oct. 26, 2011).</subfield></datafield><datafield ind1=" " ind2="0" tag="651"><subfield code="a">New York (N.Y.)</subfield><subfield code="v">Newspapers.</subfield></datafield><datafield ind1=" " ind2="0" tag="651"><subfield code="a">New York County (N.Y.)</subfield><subfield code="v">Newspapers.</subfield></datafield><datafield ind1=" " ind2="7" tag="651"><subfield code="a">New York (State)</subfield><subfield code="z">New York.</subfield><subfield code="2">fast</subfield><subfield code="0">(OCoLC)fst01204333</subfield></datafield><datafield ind1=" " ind2="7" tag="651"><subfield code="a">New York (State)</subfield><subfield code="z">New York County.</subfield><subfield code="2">fast</subfield><subfield code="0">(OCoLC)fst01234953</subfield></datafield><datafield ind1=" " ind2="7" tag="655"><subfield code="a">Newspapers.</subfield><subfield code="2">fast</subfield><subfield code="0">(OCoLC)fst01423814</subfield></datafield><datafield ind1="1" ind2=" " tag="700"><subfield code="a">Greeley, Horace,</subfield><subfield code="d">1811-1872.</subfield></datafield><datafield ind1=" " ind2=" " tag="752"><subfield code="a">United States</subfield><subfield code="b">New York</subfield><subfield code="c">New York</subfield><subfield code="d">New York.</subfield></datafield><datafield ind1="0" ind2=" " tag="775"><subfield code="t">New-York weekly tribune</subfield></datafield><datafield ind1="1" ind2=" " tag="775"><subfield code="t">Log cabin (New York, N.Y.)</subfield></datafield><datafield ind1="0" ind2="8" tag="776"><subfield code="i">Print version:</subfield><subfield code="t">New-York tribune (New York, N.Y. : 1841)</subfield><subfield code="w">(DLC)sn 83030212</subfield><subfield code="w">(OCoLC)9388253</subfield></datafield><datafield ind1="0" ind2="0" tag="785"><subfield code="t">New-York daily tribune</subfield><subfield code="w">(DLC)  2011263340</subfield><subfield code="w">(OCoLC)701546360</subfield></datafield><datafield ind1="4" ind2="0" tag="856"><subfield code="u">http://search.proquest.com/hnpnewyorktribune/</subfield></datafield><datafield ind1="4" ind2="1" tag="856"><subfield code="u">http://chroniclingamerica.loc.gov/lccn/sn83030212/issues/</subfield></datafield><datafield ind1="1" ind2=" " tag="029"><subfield code="a">NZ1</subfield><subfield code="b">14143359</subfield></datafield><datafield ind1="1" ind2=" " tag="029"><subfield code="a">NZ1</subfield><subfield code="b">16240429</subfield></datafield></record>